@incollection{textclass,
	title = "A Survey of Text Classification Algorithms",
	author = "Aggarwal, Charu C. and Zhai, ChengXiang",
	booktitle = "Mining Text Data",
	publisher = "Springer",
	year = "2012",
	address = "Boston, Massachusetts",
	url = "https://doi.org/10.1007/978-1-4614-3223-4_6"	
}


@misc{rnn-effect,
	author = "Andrej Karpathy",
	title = "The Unreasonable Effectiveness of Recurrent Neural Networks",
	url = "http://karpathy.github.io/2015/05/21/rnn-effectiveness/",
	month = "May",
	year = "2015"	
}

@article{ngram-cat,
author = {Cavnar, William and Trenkle, John},
year = {2001},
month = {05},
pages = {},
title = {N-Gram-Based Text Categorization},
booktitle = {Proceedings of the Third Annual Symposium on Document Analysis and Information Retrieval}
}

@inproceedings{stratos2015model,
  title={Model-based word embeddings from decompositions of count matrices},
  author={Stratos, Karl and Collins, Michael and Hsu, Daniel},
  booktitle={Proceedings of the 53rd Annual Meeting of the Association for Computational Linguistics and the 7th International Joint Conference on Natural Language Processing (Volume 1: Long Papers)},
  volume={1},
  pages={1282--1291},
  year={2015}
}


@inproceedings{stratos2014spectral,
  title={A Spectral Algorithm for Learning Class-Based n-gram Models of Natural Language.},
  author={Stratos, Karl and Kim, Do-kyum and Collins, Michael and Hsu, Daniel J},
  booktitle={UAI},
  pages={762--771},
  year={2014},
  organization={Citeseer}
}


@article{creswell2018generative,
  title={Generative adversarial networks: An overview},
  author={Creswell, Antonia and White, Tom and Dumoulin, Vincent and Arulkumaran, Kai and Sengupta, Biswa and Bharath, Anil A},
  journal={IEEE Signal Processing Magazine},
  volume={35},
  number={1},
  pages={53--65},
  year={2018},
  publisher={IEEE}
}


@inproceedings{sahami1998bayesian,
  title={A Bayesian approach to filtering junk e-mail},
  author={Sahami, Mehran and Dumais, Susan and Heckerman, David and Horvitz, Eric},
  booktitle={Learning for Text Categorization: Papers from the 1998 workshop},
  volume={62},
  pages={98--105},
  year={1998},
  organization={Madison, Wisconsin}
}


@inproceedings{trivedi2016study,
  title={A study of machine learning classifiers for spam detection},
  author={Trivedi, Shrawan Kumar},
  booktitle={Computational and Business Intelligence (ISCBI), 2016 4th International Symposium on},
  pages={176--180},
  year={2016},
  organization={IEEE}
}