@incollection{textclass,
	title = "A Survey of Text Classification Algorithms",
	author = "Aggarwal, Charu C. and Zhai, ChengXiang",
	booktitle = "Mining Text Data",
	publisher = "Springer",
	year = "2012",
	address = "Boston, Massachusetts",
	url = "https://doi.org/10.1007/978-1-4614-3223-4_6"	
}


@misc{rnn-effect,
	author = "Andrej Karpathy",
	title = "The Unreasonable Effectiveness of Recurrent Neural Networks",
	url = "http://karpathy.github.io/2015/05/21/rnn-effectiveness/",
	month = "May",
	year = "2015"	
}

@article{ngram-cat,
author = {Cavnar, William and Trenkle, John},
year = {2001},
month = {05},
pages = {},
title = {N-Gram-Based Text Categorization},
booktitle = {Proceedings of the Third Annual Symposium on Document Analysis and Information Retrieval}
}

@inproceedings{stratos2015model,
  title={Model-based word embeddings from decompositions of count matrices},
  author={Stratos, Karl and Collins, Michael and Hsu, Daniel},
  booktitle={Proceedings of the 53rd Annual Meeting of the Association for Computational Linguistics and the 7th International Joint Conference on Natural Language Processing (Volume 1: Long Papers)},
  volume={1},
  pages={1282--1291},
  year={2015}
}


@inproceedings{stratos2014spectral,
  title={A Spectral Algorithm for Learning Class-Based n-gram Models of Natural Language.},
  author={Stratos, Karl and Kim, Do-kyum and Collins, Michael and Hsu, Daniel J},
  booktitle={UAI},
  pages={762--771},
  year={2014},
  organization={Citeseer}
}