@incollection{textclass,
	title = "A Survey of Text Classification Algorithms",
	author = "Aggarwal, Charu C. and Zhai, ChengXiang",
	booktitle = "Mining Text Data",
	publisher = "Springer",
	year = "2012",
	address = "Boston, Massachusetts",
	url = "\url{https://doi.org/10.1007/978-1-4614-3223-4_6}"	
}


@misc{rnn-effect,
	author = "Andrej Karpathy",
	title = "The Unreasonable Effectiveness of Recurrent Neural Networks",
	url = "\url{http://karpathy.github.io/2015/05/21/rnn-effectiveness/}",
	month = "May",
	year = "2015"	
}

@article{ngram-cat,
author = {Cavnar, William and Trenkle, John},
year = {2001},
month = {05},
pages = {},
title = {N-Gram-Based Text Categorization},
booktitle = {Proceedings of the Third Annual Symposium on Document Analysis and Information Retrieval}
}